<?xml version="1.0" encoding="UTF-8"?>
  <record xmlns="http://www.loc.gov/MARC21/slim" type="Authority">
    <leader>00000nz  a2200000nc 4500</leader>
    <controlfield tag="001">118876511</controlfield>
    <controlfield tag="003">DE-101</controlfield>
    <controlfield tag="005">20220309170617.0</controlfield>
    <controlfield tag="008">890906n||azznnaabn           | aaa    |c</controlfield>
    <datafield tag="024" ind1="7" ind2=" ">
      <subfield code="a">118876511</subfield>
      <subfield code="0">http://d-nb.info/gnd/118876511</subfield>
      <subfield code="2">gnd</subfield>
    </datafield>
    <datafield tag="035" ind1=" " ind2=" ">
      <subfield code="a">(DE-101)118876511</subfield>
    </datafield>
    <datafield tag="035" ind1=" " ind2=" ">
      <subfield code="a">(DE-588)118876511</subfield>
    </datafield>
    <datafield tag="035" ind1=" " ind2=" ">
      <subfield code="z">(DE-588)1089756151</subfield>
    </datafield>
    <datafield tag="035" ind1=" " ind2=" ">
      <subfield code="z">(DE-588a)118876511</subfield>
      <subfield code="9">v:zg</subfield>
    </datafield>
    <datafield tag="035" ind1=" " ind2=" ">
      <subfield code="z">(DE-588c)4218007-7</subfield>
      <subfield code="9">v:zg</subfield>
    </datafield>
    <datafield tag="040" ind1=" " ind2=" ">
      <subfield code="a">DE-12</subfield>
      <subfield code="c">DE-12</subfield>
      <subfield code="9">r:DE-12</subfield>
      <subfield code="b">ger</subfield>
      <subfield code="d">9999</subfield>
    </datafield>
    <datafield tag="042" ind1=" " ind2=" ">
      <subfield code="a">gnd1</subfield>
    </datafield>
    <datafield tag="043" ind1=" " ind2=" ">
      <subfield code="c">XA-IT</subfield>
      <subfield code="c">XY</subfield>
    </datafield>
    <datafield tag="065" ind1=" " ind2=" ">
      <subfield code="a">3.1p</subfield>
      <subfield code="2">sswd</subfield>
    </datafield>
    <datafield tag="075" ind1=" " ind2=" ">
      <subfield code="b">p</subfield>
      <subfield code="2">gndgen</subfield>
    </datafield>
    <datafield tag="075" ind1=" " ind2=" ">
      <subfield code="b">piz</subfield>
      <subfield code="2">gndspec</subfield>
    </datafield>
    <datafield tag="079" ind1=" " ind2=" ">
      <subfield code="a">g</subfield>
      <subfield code="q">s</subfield>
      <subfield code="q">a</subfield>
      <subfield code="q">f</subfield>
      <subfield code="u">v</subfield>
      <subfield code="u">w</subfield>
      <subfield code="u">o</subfield>
    </datafield>
    <datafield tag="100" ind1="1" ind2=" ">
      <subfield code="a">Modena, Leone</subfield>
      <subfield code="d">1571-1648</subfield>
    </datafield>
    <datafield tag="400" ind1="0" ind2=" ">
      <subfield code="a">Jehuda ben Isaak</subfield>
      <subfield code="c">da Modena</subfield>
      <subfield code="d">1571-1648</subfield>
      <subfield code="9">v:B 1996</subfield>
    </datafield>
    <datafield tag="400" ind1="0" ind2=" ">
      <subfield code="a">Yehudah Aryeh</subfield>
      <subfield code="c">mi-Modinah</subfield>
      <subfield code="d">1571-1648</subfield>
    </datafield>
    <datafield tag="400" ind1="0" ind2=" ">
      <subfield code="a">Yehudah Aryeh</subfield>
      <subfield code="c">mi-Modenah</subfield>
      <subfield code="d">1571-1648</subfield>
    </datafield>
    <datafield tag="400" ind1="0" ind2=" ">
      <subfield code="a">Yehudah Aryeh</subfield>
      <subfield code="c">mi-Modena</subfield>
      <subfield code="d">1571-1648</subfield>
    </datafield>
    <datafield tag="400" ind1="0" ind2=" ">
      <subfield code="a">Yĕhûdā Aryē</subfield>
      <subfield code="c">mim-Môdênā</subfield>
      <subfield code="d">1571-1648</subfield>
    </datafield>
    <datafield tag="400" ind1="0" ind2=" ">
      <subfield code="a">Jĕhûdā Arjē</subfield>
      <subfield code="c">mim-Môdênā</subfield>
      <subfield code="d">1571-1648</subfield>
    </datafield>
    <datafield tag="400" ind1="0" ind2=" ">
      <subfield code="a">Yehûdā Aryē</subfield>
      <subfield code="c">dâ Môdênâ</subfield>
      <subfield code="d">1571-1648</subfield>
    </datafield>
    <datafield tag="400" ind1="0" ind2=" ">
      <subfield code="a">Jehûdā Arjē</subfield>
      <subfield code="c">dâ Môdênâ</subfield>
      <subfield code="d">1571-1648</subfield>
    </datafield>
    <datafield tag="400" ind1="0" ind2=" ">
      <subfield code="a">Judah Arye di Modena</subfield>
      <subfield code="d">1571-1648</subfield>
    </datafield>
    <datafield tag="400" ind1="0" ind2=" ">
      <subfield code="a">Jehudah Arehi</subfield>
      <subfield code="c">di Modena</subfield>
      <subfield code="d">1571-1648</subfield>
    </datafield>
    <datafield tag="400" ind1="0" ind2=" ">
      <subfield code="a">Yehudah Aryeh</subfield>
      <subfield code="c">di-Modena</subfield>
      <subfield code="d">1571-1648</subfield>
    </datafield>
    <datafield tag="400" ind1="0" ind2=" ">
      <subfield code="a">Yehûdā Aryē</subfield>
      <subfield code="c">dî Môdênâ</subfield>
      <subfield code="d">1571-1648</subfield>
    </datafield>
    <datafield tag="400" ind1="0" ind2=" ">
      <subfield code="a">Yehudah Aryeh di-Modena ben Yitsḥaḳ</subfield>
      <subfield code="d">1571-1648</subfield>
    </datafield>
    <datafield tag="400" ind1="0" ind2=" ">
      <subfield code="a">Jehūdāh Arjēh dî Môdênâ Ben-Jiṣḥāq</subfield>
      <subfield code="d">1571-1648</subfield>
    </datafield>
    <datafield tag="400" ind1="0" ind2=" ">
      <subfield code="a">Yehudah Aryeh Modena</subfield>
      <subfield code="d">1571-1648</subfield>
    </datafield>
    <datafield tag="400" ind1="0" ind2=" ">
      <subfield code="a">Yĕhûdā Aryē Môdênâ</subfield>
      <subfield code="d">1571-1648</subfield>
    </datafield>
    <datafield tag="400" ind1="0" ind2=" ">
      <subfield code="a">Jĕhûdā Arjē Môdênâ</subfield>
      <subfield code="d">1571-1648</subfield>
    </datafield>
    <datafield tag="400" ind1="0" ind2=" ">
      <subfield code="a">Jehûda</subfield>
      <subfield code="c">da Modena</subfield>
      <subfield code="d">1571-1648</subfield>
    </datafield>
    <datafield tag="400" ind1="0" ind2=" ">
      <subfield code="a">Juda Arièh</subfield>
      <subfield code="d">1571-1648</subfield>
    </datafield>
    <datafield tag="400" ind1="1" ind2=" ">
      <subfield code="a">Aryeh, Yehudah</subfield>
      <subfield code="d">1571-1648</subfield>
    </datafield>
    <datafield tag="400" ind1="1" ind2=" ">
      <subfield code="a">Arje, Jehuda</subfield>
      <subfield code="d">1571-1648</subfield>
    </datafield>
    <datafield tag="400" ind1="1" ind2=" ">
      <subfield code="a">Arin, Juhnda</subfield>
      <subfield code="d">1571-1648</subfield>
    </datafield>
    <datafield tag="400" ind1="0" ind2=" ">
      <subfield code="a">Aryeh</subfield>
      <subfield code="c">da Modena</subfield>
      <subfield code="d">1571-1648</subfield>
    </datafield>
    <datafield tag="400" ind1="0" ind2=" ">
      <subfield code="a">Aryē</subfield>
      <subfield code="c">da Modena</subfield>
      <subfield code="d">1571-1648</subfield>
    </datafield>
    <datafield tag="400" ind1="0" ind2=" ">
      <subfield code="a">Léon</subfield>
      <subfield code="c">Modena</subfield>
      <subfield code="d">1571-1648</subfield>
    </datafield>
    <datafield tag="400" ind1="0" ind2=" ">
      <subfield code="a">Leo</subfield>
      <subfield code="c">de Modena</subfield>
      <subfield code="d">1571-1648</subfield>
    </datafield>
    <datafield tag="400" ind1="0" ind2=" ">
      <subfield code="a">Leon</subfield>
      <subfield code="c">of Modena</subfield>
      <subfield code="d">1571-1648</subfield>
    </datafield>
    <datafield tag="400" ind1="0" ind2=" ">
      <subfield code="a">Leon</subfield>
      <subfield code="c">da Modena</subfield>
      <subfield code="d">1571-1648</subfield>
      <subfield code="9">v:B 1996</subfield>
    </datafield>
    <datafield tag="400" ind1="0" ind2=" ">
      <subfield code="a">Léon</subfield>
      <subfield code="c">de Modène</subfield>
      <subfield code="d">1571-1648</subfield>
    </datafield>
    <datafield tag="400" ind1="0" ind2=" ">
      <subfield code="a">Leone</subfield>
      <subfield code="c">de Modène</subfield>
      <subfield code="d">1571-1648</subfield>
    </datafield>
    <datafield tag="400" ind1="0" ind2=" ">
      <subfield code="a">Leone</subfield>
      <subfield code="c">de Modena</subfield>
      <subfield code="d">1571-1648</subfield>
    </datafield>
    <datafield tag="400" ind1="0" ind2=" ">
      <subfield code="a">Leone</subfield>
      <subfield code="c">da Modena</subfield>
      <subfield code="d">1571-1648</subfield>
    </datafield>
    <datafield tag="400" ind1="0" ind2=" ">
      <subfield code="a">Leon</subfield>
      <subfield code="c">Mutinensis</subfield>
      <subfield code="d">1571-1648</subfield>
    </datafield>
    <datafield tag="400" ind1="0" ind2=" ">
      <subfield code="a">Leo</subfield>
      <subfield code="c">Mutinensis</subfield>
      <subfield code="d">1571-1648</subfield>
    </datafield>
    <datafield tag="400" ind1="1" ind2=" ">
      <subfield code="a">Leo, Jehuda</subfield>
      <subfield code="d">1571-1648</subfield>
    </datafield>
    <datafield tag="400" ind1="0" ind2=" ">
      <subfield code="a">Leon Yehudah Aryeh Modena</subfield>
      <subfield code="d">1571-1648</subfield>
    </datafield>
    <datafield tag="400" ind1="0" ind2=" ">
      <subfield code="a">Leon Jehuda Arje Modena</subfield>
      <subfield code="d">1571-1648</subfield>
      <subfield code="9">v:Kindler neu</subfield>
    </datafield>
    <datafield tag="400" ind1="1" ind2=" ">
      <subfield code="a">Da Modena, Leone</subfield>
      <subfield code="d">1571-1648</subfield>
      <subfield code="9">v:4ELRAKm</subfield>
    </datafield>
    <datafield tag="400" ind1="1" ind2=" ">
      <subfield code="a">DaModena, Leone</subfield>
      <subfield code="d">1571-1648</subfield>
      <subfield code="9">v:RAK alt</subfield>
    </datafield>
    <datafield tag="400" ind1="1" ind2=" ">
      <subfield code="a">Modenese, Leon</subfield>
      <subfield code="d">1571-1648</subfield>
    </datafield>
    <datafield tag="400" ind1="1" ind2=" ">
      <subfield code="a">Modène, Léon &#152;de&#156;</subfield>
      <subfield code="d">1571-1648</subfield>
    </datafield>
    <datafield tag="400" ind1="1" ind2=" ">
      <subfield code="a">Modena, Leon &#152;da&#156;</subfield>
      <subfield code="d">1571-1648</subfield>
    </datafield>
    <datafield tag="400" ind1="1" ind2=" ">
      <subfield code="a">Modena, Leon</subfield>
      <subfield code="d">1571-1648</subfield>
    </datafield>
    <datafield tag="400" ind1="1" ind2=" ">
      <subfield code="a">Modena, Leo</subfield>
      <subfield code="d">1571-1648</subfield>
    </datafield>
    <datafield tag="400" ind1="1" ind2=" ">
      <subfield code="a">Modena, Aryeh &#152;da&#156;</subfield>
      <subfield code="d">1571-1648</subfield>
    </datafield>
    <datafield tag="400" ind1="1" ind2=" ">
      <subfield code="a">Modena, Aryē &#152;da&#156;</subfield>
      <subfield code="d">1571-1648</subfield>
    </datafield>
    <datafield tag="400" ind1="1" ind2=" ">
      <subfield code="a">Modena, Judah Aryeh</subfield>
      <subfield code="d">1571-1648</subfield>
    </datafield>
    <datafield tag="400" ind1="1" ind2=" ">
      <subfield code="a">Modena, Judah A.</subfield>
      <subfield code="d">1571-1648</subfield>
    </datafield>
    <datafield tag="400" ind1="0" ind2=" ">
      <subfield code="a">Yehuda Arye ben Yiṣḥaq</subfield>
      <subfield code="c">mi-Modena</subfield>
      <subfield code="d">1571-1648</subfield>
    </datafield>
    <datafield tag="400" ind1="0" ind2=" ">
      <subfield code="a">Judah Aryeh</subfield>
      <subfield code="c">di Modena</subfield>
      <subfield code="d">1571-1648</subfield>
    </datafield>
    <datafield tag="400" ind1="1" ind2=" ">
      <subfield code="a">Mutinensis, Leo</subfield>
      <subfield code="d">1571-1648</subfield>
    </datafield>
    <datafield tag="400" ind1="1" ind2=" ">
      <subfield code="a">Modena, Yehudah Aryeh mi-</subfield>
      <subfield code="d">1571-1648</subfield>
    </datafield>
    <datafield tag="400" ind1="1" ind2=" ">
      <subfield code="a">Modena, Leon of</subfield>
      <subfield code="d">1571-1648</subfield>
    </datafield>
    <datafield tag="400" ind1="0" ind2=" ">
      <subfield code="9">U:Hebr</subfield>
      <subfield code="a">אריה</subfield>
      <subfield code="c">ממודינא</subfield>
      <subfield code="d">1571-1648</subfield>
      <subfield code="5">DE-603</subfield>
    </datafield>
    <datafield tag="400" ind1="1" ind2=" ">
      <subfield code="9">U:Hebr</subfield>
      <subfield code="a">די מודינה, יהודה אריה</subfield>
      <subfield code="d">1571-1648</subfield>
      <subfield code="5">DE-603</subfield>
    </datafield>
    <datafield tag="400" ind1="0" ind2=" ">
      <subfield code="9">U:Hebr</subfield>
      <subfield code="a">יהודה אריה מודינא</subfield>
      <subfield code="d">1571-1648</subfield>
      <subfield code="5">DE-603</subfield>
    </datafield>
    <datafield tag="400" ind1="0" ind2=" ">
      <subfield code="9">U:Hebr</subfield>
      <subfield code="a">יהודה אריה</subfield>
      <subfield code="c">ממודינא</subfield>
      <subfield code="d">1571-1648</subfield>
      <subfield code="5">DE-603</subfield>
    </datafield>
    <datafield tag="400" ind1="1" ind2=" ">
      <subfield code="9">U:Hebr</subfield>
      <subfield code="a">מודינא, אריה</subfield>
      <subfield code="d">1571-1648</subfield>
      <subfield code="5">DE-603</subfield>
    </datafield>
    <datafield tag="400" ind1="1" ind2=" ">
      <subfield code="9">U:Hebr</subfield>
      <subfield code="a">מודינא, ליאון</subfield>
      <subfield code="d">1571-1648</subfield>
      <subfield code="5">DE-603</subfield>
    </datafield>
    <datafield tag="400" ind1="1" ind2=" ">
      <subfield code="9">U:Hebr</subfield>
      <subfield code="a">מודינא, ליאונה</subfield>
      <subfield code="d">1571-1648</subfield>
      <subfield code="5">DE-603</subfield>
    </datafield>
    <datafield tag="548" ind1=" " ind2=" ">
      <subfield code="a">1571-1648</subfield>
      <subfield code="4">datl</subfield>
      <subfield code="4">https://d-nb.info/standards/elementset/gnd#dateOfBirthAndDeath</subfield>
      <subfield code="w">r</subfield>
      <subfield code="i">Lebensdaten</subfield>
    </datafield>
    <datafield tag="550" ind1=" " ind2=" ">
      <subfield code="0">(DE-101)04156443X</subfield>
      <subfield code="0">(DE-588)4156443-1</subfield>
      <subfield code="0">https://d-nb.info/gnd/4156443-1</subfield>
      <subfield code="a">Gelehrter</subfield>
      <subfield code="4">berc</subfield>
      <subfield code="4">https://d-nb.info/standards/elementset/gnd#professionOrOccupation</subfield>
      <subfield code="w">r</subfield>
      <subfield code="i">Charakteristischer Beruf</subfield>
    </datafield>
    <datafield tag="551" ind1=" " ind2=" ">
      <subfield code="0">(DE-101)04062501X</subfield>
      <subfield code="0">(DE-588)4062501-1</subfield>
      <subfield code="0">https://d-nb.info/gnd/4062501-1</subfield>
      <subfield code="a">Venedig</subfield>
      <subfield code="4">ortg</subfield>
      <subfield code="4">https://d-nb.info/standards/elementset/gnd#placeOfBirth</subfield>
      <subfield code="w">r</subfield>
      <subfield code="i">Geburtsort</subfield>
    </datafield>
    <datafield tag="667" ind1=" " ind2=" ">
      <subfield code="a">12</subfield>
    </datafield>
    <datafield tag="667" ind1=" " ind2=" ">
      <subfield code="a">384</subfield>
    </datafield>
    <datafield tag="667" ind1=" " ind2=" ">
      <subfield code="a">7</subfield>
    </datafield>
    <datafield tag="667" ind1=" " ind2=" ">
      <subfield code="a">Maschinell verknuepft mit DBL-Retro-Titeldaten</subfield>
    </datafield>
    <datafield tag="667" ind1=" " ind2=" ">
      <subfield code="a">Quelle: DNB-Normdaten (Info DNB: Italien (XA-IT); Juden (XY) Weitere Angaben Jüd. Gelehrter Systematik 3.1p Personen zu allgemeiner und vergleichender Religionswissenschaft, Personen zu nichtchristlichen Religionen)</subfield>
    </datafield>
    <datafield tag="670" ind1=" " ind2=" ">
      <subfield code="a">BSB-AK gegen M, B</subfield>
    </datafield>
    <datafield tag="672" ind1=" " ind2="0">
      <subfield code="a">Leone &lt;da Modena&gt;: The history of the rites, customes ... of the present Jews</subfield>
      <subfield code="f">1650</subfield>
    </datafield>
    <datafield tag="672" ind1=" " ind2="0">
      <subfield code="a">Leone &lt;da Modena&gt;: Der Gelehrte und Bekehrte Spieler</subfield>
      <subfield code="f">1683</subfield>
    </datafield>
    <datafield tag="672" ind1=" " ind2="0">
      <subfield code="a">Leone &lt;da Modena&gt;: Sûr mē-rāʿ</subfield>
      <subfield code="f">1683</subfield>
    </datafield>
    <datafield tag="672" ind1=" " ind2="0">
      <subfield code="a">Leone &lt;da Modena&gt;: Sûr mē-rāʿ</subfield>
      <subfield code="f">1665</subfield>
    </datafield>
    <datafield tag="672" ind1=" " ind2="0">
      <subfield code="a">Leone &lt;da Modena&gt;: Historia de gli riti hebraici</subfield>
      <subfield code="f">1637</subfield>
    </datafield>
    <datafield tag="672" ind1=" " ind2="0">
      <subfield code="a">Leone &lt;da Modena&gt;: Historia de gli riti hebraici</subfield>
      <subfield code="f">1673</subfield>
    </datafield>
    <datafield tag="672" ind1=" " ind2="0">
      <subfield code="a">Leone &lt;da Modena&gt;: Cerémonies et coutumes qui s'observent aujourd'huy parmy les Juifs</subfield>
      <subfield code="f">1682</subfield>
    </datafield>
    <datafield tag="672" ind1=" " ind2="0">
      <subfield code="a">Leone &lt;da Modena&gt;: Cerémonies et coutumes qui s'observent aujourd'huy parmy les Juifs</subfield>
      <subfield code="f">1684</subfield>
    </datafield>
    <datafield tag="672" ind1=" " ind2="0">
      <subfield code="a">Leone &lt;da Modena&gt;: Historia de'riti hebraici</subfield>
      <subfield code="f">1714</subfield>
    </datafield>
    <datafield tag="672" ind1=" " ind2="0">
      <subfield code="a">Leone &lt;da Modena&gt;: Leonis Mutinensis opusculum de ceremoniis, et consuetudinibus hodie *</subfield>
      <subfield code="f">1693</subfield>
    </datafield>
    <datafield tag="672" ind1=" " ind2="0">
      <subfield code="a">Leone de Modena: Sur Mera, preceda a malo s. libellus de lusu ...</subfield>
      <subfield code="f">1665</subfield>
    </datafield>
    <datafield tag="678" ind1=" " ind2=" ">
      <subfield code="b">Jüd. Gelehrter</subfield>
    </datafield>
    <datafield tag="678" ind1=" " ind2=" ">
      <subfield code="b">Gelehrter, Italien</subfield>
    </datafield>
    <datafield tag="700" ind1="1" ind2="4">
      <subfield code="9">U:Hebr</subfield>
      <subfield code="a">מודנה, יהודה אריה בן יצחק</subfield>
      <subfield code="d">1571-1648</subfield>
      <subfield code="5">DE-576</subfield>
      <subfield code="9">v:Original</subfield>
    </datafield>
    <datafield tag="913" ind1=" " ind2=" ">
      <subfield code="S">pnd</subfield>
      <subfield code="i">a</subfield>
      <subfield code="a">Modena, Leone</subfield>
      <subfield code="0">(DE-588a)118876511</subfield>
    </datafield>
  </record>
